@article{Lehner_2020,
   title={Project AMIGA: The Circumgalactic Medium of Andromeda},
   volume={900},
   ISSN={1538-4357},
   url={http://dx.doi.org/10.3847/1538-4357/aba49c},
   DOI={10.3847/1538-4357/aba49c},
   number={1},
   journal={The Astrophysical Journal},
   publisher={American Astronomical Society},
   author={Lehner, Nicolas and Berek, Samantha C. and Howk, J. Christopher and Wakker, Bart P. and Tumlinson, Jason and Jenkins, Edward B. and Prochaska, J. Xavier and Augustin, Ramona and Ji, Suoqing and Faucher-Giguère, Claude-André and et al.},
   year={2020},
   month={Aug},
   pages={9}
}

@article{Schiavi_2019,
   title={The collision between the Milky Way and Andromeda and the fate of their Supermassive Black Holes},
   volume={14},
   ISSN={1743-9221},
   url={http://dx.doi.org/10.1017/S1743921319007439},
   DOI={10.1017/s1743921319007439},
   number={S351},
   journal={Proceedings of the International Astronomical Union},
   publisher={Cambridge University Press (CUP)},
   author={Schiavi, Riccardo and Capuzzo-Dolcetta, Roberto and Arca Sedda, Manuel and Spera, Mario},
   year={2019},
   month={May},
   pages={161–164}
}

@article{van_der_Marel_2019,
   title={First Gaia Dynamics of the Andromeda System: DR2 Proper Motions, Orbits, and Rotation of M31 and M33},
   volume={872},
   ISSN={1538-4357},
   url={http://dx.doi.org/10.3847/1538-4357/ab001b},
   DOI={10.3847/1538-4357/ab001b},
   number={1},
   journal={The Astrophysical Journal},
   publisher={American Astronomical Society},
   author={{van der Marel}, Roeland P. and Fardal, Mark A. and Sohn, Sangmo Tony and Patel, Ekta and Besla, Gurtina and Pino, Andrés del and Sahlmann, Johannes and Watkins, Laura L.},
   year={2019},
   month={Feb},
   pages={24}
}

@article{Sohn_2012,
   title={THE M31 VELOCITY VECTOR. I.HUBBLE SPACE TELESCOPE PROPER-MOTION MEASUREMENTS},
   volume={753},
   ISSN={1538-4357},
   url={http://dx.doi.org/10.1088/0004-637X/753/1/7},
   DOI={10.1088/0004-637x/753/1/7},
   number={1},
   journal={The Astrophysical Journal},
   publisher={IOP Publishing},
   author={Sohn, Sangmo Tony and Anderson, Jay and {van der Marel}, Roeland P.},
   year={2012},
   month={Jun},
   pages={7}
}

@article{van_der_Marel_2012,
   title={THE M31 VELOCITY VECTOR. II. RADIAL ORBIT TOWARD THE MILKY WAY AND IMPLIED LOCAL GROUP MASS},
   volume={753},
   ISSN={1538-4357},
   url={http://dx.doi.org/10.1088/0004-637X/753/1/8},
   DOI={10.1088/0004-637x/753/1/8},
   number={1},
   journal={The Astrophysical Journal},
   publisher={IOP Publishing},
   author={{van der Marel}, Roeland P. and Fardal, Mark and Besla, Gurtina and Beaton, Rachael L. and Sohn, Sangmo Tony and Anderson, Jay and Brown, Tom and Guhathakurta, Puragra},
   year={2012},
   month={Jun},
   pages={8}
}

@article{van_der_Marel_2012b,
   title={THE M31 VELOCITY VECTOR. III. FUTURE MILKY WAY M31–M33 ORBITAL EVOLUTION, MERGING, AND FATE OF THE SUN},
   volume={753},
   ISSN={1538-4357},
   url={http://dx.doi.org/10.1088/0004-637X/753/1/9},
   DOI={10.1088/0004-637x/753/1/9},
   number={1},
   journal={The Astrophysical Journal},
   publisher={IOP Publishing},
   author={{van der Marel}, Roeland P. and Besla, Gurtina and Cox, T. J. and Sohn, Sangmo Tony and Anderson, Jay},
   year={2012},
   month={Jun},
   pages={9}
}
