@article{Lehner_2020,
   title={Project AMIGA: The Circumgalactic Medium of Andromeda},
   volume={900},
   ISSN={1538-4357},
   url={http://dx.doi.org/10.3847/1538-4357/aba49c},
   DOI={10.3847/1538-4357/aba49c},
   number={1},
   journal={The Astrophysical Journal},
   publisher={American Astronomical Society},
   author={Lehner, Nicolas and Berek, Samantha C. and Howk, J. Christopher and Wakker, Bart P. and Tumlinson, Jason and Jenkins, Edward B. and Prochaska, J. Xavier and Augustin, Ramona and Ji, Suoqing and Faucher-Giguère, Claude-André and et al.},
   year={2020},
   month={Aug},
   pages={9}
}

@article{Schiavi_2019,
   title={The collision between the Milky Way and Andromeda and the fate of their Supermassive Black Holes},
   volume={14},
   ISSN={1743-9221},
   url={http://dx.doi.org/10.1017/S1743921319007439},
   DOI={10.1017/s1743921319007439},
   number={S351},
   journal={Proceedings of the International Astronomical Union},
   publisher={Cambridge University Press (CUP)},
   author={Schiavi, Riccardo and Capuzzo-Dolcetta, Roberto and Arca Sedda, Manuel and Spera, Mario},
   year={2019},
   month={May},
   pages={161–164}
}

@article{van_der_Marel_2019,
   title={First Gaia Dynamics of the Andromeda System: DR2 Proper Motions, Orbits, and Rotation of M31 and M33},
   volume={872},
   ISSN={1538-4357},
   url={http://dx.doi.org/10.3847/1538-4357/ab001b},
   DOI={10.3847/1538-4357/ab001b},
   number={1},
   journal={The Astrophysical Journal},
   publisher={American Astronomical Society},
   author={{van der Marel}, Roeland P. and Fardal, Mark A. and Sohn, Sangmo Tony and Patel, Ekta and Besla, Gurtina and Pino, Andrés del and Sahlmann, Johannes and Watkins, Laura L.},
   year={2019},
   month={Feb},
   pages={24}
}

@article{Sohn_2012,
   title={THE M31 VELOCITY VECTOR. I.HUBBLE SPACE TELESCOPE PROPER-MOTION MEASUREMENTS},
   volume={753},
   ISSN={1538-4357},
   url={http://dx.doi.org/10.1088/0004-637X/753/1/7},
   DOI={10.1088/0004-637x/753/1/7},
   number={1},
   journal={The Astrophysical Journal},
   publisher={IOP Publishing},
   author={Sohn, Sangmo Tony and Anderson, Jay and {van der Marel}, Roeland P.},
   year={2012},
   month={Jun},
   pages={7}
}

@article{van_der_Marel_2012,
   title={THE M31 VELOCITY VECTOR. II. RADIAL ORBIT TOWARD THE MILKY WAY AND IMPLIED LOCAL GROUP MASS},
   volume={753},
   ISSN={1538-4357},
   url={http://dx.doi.org/10.1088/0004-637X/753/1/8},
   DOI={10.1088/0004-637x/753/1/8},
   number={1},
   journal={The Astrophysical Journal},
   publisher={IOP Publishing},
   author={{van der Marel}, Roeland P. and Fardal, Mark and Besla, Gurtina and Beaton, Rachael L. and Sohn, Sangmo Tony and Anderson, Jay and Brown, Tom and Guhathakurta, Puragra},
   year={2012},
   month={Jun},
   pages={8}
}

@article{van_der_Marel_2012b,
   title={THE M31 VELOCITY VECTOR. III. FUTURE MILKY WAY M31–M33 ORBITAL EVOLUTION, MERGING, AND FATE OF THE SUN},
   volume={753},
   ISSN={1538-4357},
   url={http://dx.doi.org/10.1088/0004-637X/753/1/9},
   DOI={10.1088/0004-637x/753/1/9},
   number={1},
   journal={The Astrophysical Journal},
   publisher={IOP Publishing},
   author={{van der Marel}, Roeland P. and Besla, Gurtina and Cox, T. J. and Sohn, Sangmo Tony and Anderson, Jay},
   year={2012},
   month={Jun},
   pages={9}
}

@article{Cox_2008,
   title={The collision between the Milky Way and Andromeda},
   volume={386},
   ISSN={1365-2966},
   url={http://dx.doi.org/10.1111/j.1365-2966.2008.13048.x},
   DOI={10.1111/j.1365-2966.2008.13048.x},
   number={1},
   journal={Monthly Notices of the Royal Astronomical Society},
   publisher={Oxford University Press (OUP)},
   author={Cox, T. J. and Loeb, Abraham},
   year={2008},
   month={May},
   pages={461–474}
}

@article{Salomon_2016,
   title={The transverse velocity of the Andromeda system, derived from the M31 satellite population},
   volume={456},
   ISSN={1365-2966},
   url={http://dx.doi.org/10.1093/mnras/stv2865},
   DOI={10.1093/mnras/stv2865},
   number={4},
   journal={Monthly Notices of the Royal Astronomical Society},
   publisher={Oxford University Press (OUP)},
   author={Salomon, J.-B. and Ibata, R. A. and Famaey, B. and Martin, N. F. and Lewis, G. F.},
   year={2016},
   month={Jan},
   pages={4432–4440}
}

@article{Raychaudhury_1989,
    author = {Raychaudhury, Somak and Lynden-Bell, D.},
    title = "{Tides, torques and the timing argument}",
    journal = {Monthly Notices of the Royal Astronomical Society},
    volume = {240},
    number = {2},
    pages = {195-218},
    year = {1989},
    month = {09},
    abstract = "{The quadrupolar component of the gravitational field due to neighbouring galaxies at the barycentre of the Local Group is estimated. The tidal effect consists of an almost equal compression and extension along two principal axes, and of almost no effect along the third. The positive axis of the quadrupole component is aligned with the dipole component for galaxies within 10 Mpc of the Local Group. The nature of the binary orbit of the Andromeda galaxy and the Milky Way in the presence of this tidal field is investigated, and possible orbits are suggested. Though the tidal effects are appreciably strong, they hardly affect the mass of the Local Group derived from timing arguments. The direction along which Andromeda seems to have emerged from the Big Bang indicates that it was responsible for the orbit of the Magellanic Clouds about the Galaxy. The proper motion of Andromeda is predicted.}",
    issn = {0035-8711},
    doi = {10.1093/mnras/240.2.195},
    url = {https://doi.org/10.1093/mnras/240.2.195},
    eprint = {https://academic.oup.com/mnras/article-pdf/240/2/195/18223641/mnras240-0195.pdf},
}

@book{Portegies_Zwart_McMillan_2018,
author = {{Portegies Zwart}, Simon and McMillan, Steve},
title = {Astrophysical Recipes: the art of AMUSE},
publisher = {IOP Publishing},
year = {2018},
series = {2514-3433},
isbn = {978-0-7503-1320-9},
abstract = {Computational astrophysics is a new and quickly growing discipline. In this book the authors outline the fundamentals for computational astrophysics, focusing on the use of the Astronomical Multipurpose Software Environment (AMUSE), which is a general-purpose simulation environment in astrophysics written in Python. AMUSE allows you to combine existing solvers to build new applications that can be combined again to study gradually more complex situations. This enables the growth of multi-physics and multi-scale application software in a hierarchical fashion, testing each intermediate step as the complexity of the software continues to increase. All examples in the book are associated with codes that run on a simple laptop or workstation. All figures are reproducible with a simple script, and all scripts are available online to be downloaded and run accordingly.},
url = {http://dx.doi.org/10.1088/978-0-7503-1320-9},
doi = {10.1088/978-0-7503-1320-9}
}

@article{Portegies_Zwart_2013,
   title={Multi-physics simulations using a hierarchical interchangeable software interface},
   volume={184},
   ISSN={0010-4655},
   url={http://dx.doi.org/10.1016/j.cpc.2012.09.024},
   DOI={10.1016/j.cpc.2012.09.024},
   number={3},
   journal={Computer Physics Communications},
   publisher={Elsevier BV},
   author={{Portegies Zwart}, Simon F. and McMillan, Stephen L.W. and {van Elteren}, Arjen and Pelupessy, F. Inti and {de Vries}, Nathan},
   year={2013},
   month={Mar},
   pages={456–468}
}

@article{Pelupessy_2013,
   title={The Astrophysical Multipurpose Software Environment},
   volume={557},
   ISSN={1432-0746},
   url={http://dx.doi.org/10.1051/0004-6361/201321252},
   DOI={10.1051/0004-6361/201321252},
   journal={Astronomy \& Astrophysics},
   publisher={EDP Sciences},
   author={Pelupessy, F. I. and {van Elteren}, A. and {de Vries}, N. and McMillan, S. L. W. and Drost, N. and {Portegies Zwart}, S. F.},
   year={2013},
   month={Sep},
   pages={A84}
}

@article{Portegies_Zwart_2009,
   title={A multiphysics and multiscale software environment for modeling astrophysical systems},
   volume={14},
   ISSN={1384-1076},
   url={http://dx.doi.org/10.1016/j.newast.2008.10.006},
   DOI={10.1016/j.newast.2008.10.006},
   number={4},
   journal={New Astronomy},
   publisher={Elsevier BV},
   author={{Portegies Zwart}, Simon and McMillan, Steve and Harfst, Stefan and Groen, Derek and Fujii, Michiko and Nualláin, Breanndán Ó and Glebbeek, Evert and Heggie, Douglas and Lombardi, James and Hut, Piet and et al.},
   year={2009},
   month={May},
   pages={369–378}
}

@article{Klypin_2002,
   title={\(\Lambda\)CDM‐based Models for the Milky Way and M31. I. Dynamical Models},
   volume={573},
   ISSN={1538-4357},
   url={http://dx.doi.org/10.1086/340656},
   DOI={10.1086/340656},
   number={2},
   journal={The Astrophysical Journal},
   publisher={IOP Publishing},
   author={Klypin, Anatoly and Zhao, HongSheng and Somerville, Rachel S.},
   year={2002},
   month={Jul},
   pages={597–613}
}

@article{Keller_2018,
   title={Chaos and variance in galaxy formation},
   volume={482},
   ISSN={1365-2966},
   url={http://dx.doi.org/10.1093/mnras/sty2859},
   DOI={10.1093/mnras/sty2859},
   number={2},
   journal={Monthly Notices of the Royal Astronomical Society},
   publisher={Oxford University Press (OUP)},
   author={Keller, B W and Wadsley, J W and Wang, L and Kruijssen, J M D},
   year={2018},
   month={Oct},
   pages={2244–2261}
}
